<?xml version="1.0" encoding="UTF-8"?><record xmlns="http://www.loc.gov/MARC21/slim" xmlns:cinclude="http://apache.org/cocoon/include/1.0" xmlns:zs="http://www.loc.gov/zing/srw/">
  <leader>00496cz  a2200133n  4500</leader>
  <controlfield tag="001">n 2013180064</controlfield>
  <controlfield tag="003">DLC</controlfield>
  <controlfield tag="005">20160401075340.0</controlfield>
  <controlfield tag="008">130121n| acannaabn          |n ana      </controlfield>
  <datafield tag="010" ind1=" " ind2=" ">
    <subfield code="a">n 2013180064</subfield>
  </datafield>
  <datafield tag="035" ind1=" " ind2=" ">
    <subfield code="a">(OCoLC)oca09388366</subfield>
  </datafield>
  <datafield tag="040" ind1=" " ind2=" ">
    <subfield code="a">DNLM</subfield>
    <subfield code="b">eng</subfield>
    <subfield code="c">DNLM</subfield>
    <subfield code="d">WaU</subfield>
  </datafield>
  <datafield tag="110" ind1="1" ind2=" ">
    <subfield code="a">Slovakia.</subfield>
    <subfield code="b">Ministerstvo pôdohospodárstva a rozvoja vidieka</subfield>
  </datafield>
  <datafield tag="670" ind1=" " ind2=" ">
    <subfield code="a">Správa o zoonózach a pôvodcoch zoonóz v Slovenskej republike za rok 2009, 2010:</subfield>
    <subfield code="b">t.p. (Ministerstvo pôdohospodárstva a rozvoja vidieka SR)</subfield>
  </datafield>
</record>